@article{afriat:22,
  author   = {Afriat, Amichay and Zuzarte-Luís, Vanessa and Bahar Halpern, Keren and Buchauer, Lisa and Marques, Sofia and Chora, Ângelo Ferreira and Lahree, Aparajita and Amit, Ido and Mota, Maria M. and Itzkovitz, Shalev},
  url      = {https://doi.org/10.1038/s41586-022-05406-5},
  date     = {2022-11-01},
  doi      = {10.1038/s41586-022-05406-5},
  issn     = {1476-4687},
  journal  = {Nature},
  number   = {7936},
  pages    = {563--569},
  title    = {A spatiotemporally resolved single-cell atlas of the Plasmodium liver stage},
  volume   = {611},
  year     = {2022},
}
